@book{Starck,
    author    = {{J.-L Starck and F. Murtagh}},
    title     = {{Astronomical Image and Data Analysis}},
    publisher = {{Springer-Verlag}},
    edition = {{2nd edition}},
    year      = {{2006}},
}

@article{Stutzki,
    author    = {{J. Stutzki and R. Güsten}},
    title     = {{High spatial resolution isotopic CO and CS observations on M17 SW: The clumpy structure of the molecular cloud core}},
    journal   = {{The Astrophysical Journal}},
    volume   = {{356}},
    pages    = {{513-533}},
    year = {{1990}},
}

@article{Williams,
    author    = {{Jonathan P. Williams, Eugene J. de Geus and Leo Blitz}},
    title     = {{Determining structure in molecular clouds}},
    journal   = {{The Astrophysical Journal}},
    volume   = {{498}},
    pages    = {{693-712}},
    year = {{1994}},
}

@article{Alves,
    author    = {{J. Alves, M. Lombardi and C. Lada}},
    title     = {{The mass function of dense molecular cores and the origin of the IMF}},
    journal   = {{Astronomy and Astrophysics}},
    volume   = {{462}},
    pages    = {{17-21}},
    year = {{2007}},
}

@article{Rosolowsky,
    author    = {{E.W Rosolowsky, J.E Pineda, J. Kauffmann and A. A. Goodman}},
    title     = {{Structural Analysis of Molecular Clouds: Dendrograms}},
    journal   = {{The Astrophysical Journal}},
    volume   = {{679}},
    pages    = {{1338-1351}},
    year = {{2008}},
}

@article{Berry,
    author    = {{D.S Berry}},
    title     = {{FellWalker—A clump identification algorithm}},
    journal   = {{Astronomy and Computing}},
    volume   = {{10}},
    pages    = {{22-31}},
    year = {{2015}},
}

@article{Kramer,
    author    = {{C. Kramer, J. Stutzki, R. Röhrig and U. Corneliussen}},
    title     = {{Clump mass spectra of molecular clouds}},
    journal   = {{Astronomy and Astrophysics}},
    volume   = {{329}},
    pages    = {{249-264}},
    year = {{1998}},
}

@mastersthesis{Watson,
    author    = {{Mark E. Watson}},
    title     = {{Assessing The Performance of Sub-Millimetre Compact Object Detection Algorithms}},
    school    = {{University of Hertfordshire}},
    type     = {{Master's Thesis}},
    year      = {{2010}},
}

@article{Kennicutt,
    author    = {{R. Kennicutt Jr and N. Evans II}},
    title     = {{Star Formation in the Milky Way and Nearby Galaxies}},
    journal   = {{Anual Review of Astronomy and Astrophysics}},
    volume   = {{50}},
    pages    = {{531-608}},
    year = {{2012}},
}

@book{Logan,
    author    = {{J. David Logan}},
    title     = {{Applied Mathematics}},
    publisher = {{John Wiley \& Sons INC.}},
    edition  = {{3}},
    year      = {{2006}}},
}

@book{Aubert,
    author    = {{G. Aubert and P. Kornprobst}},
    title     = {{Mathematical Problems in Image Processing: Partial Differential Equations and the Calculus of Variations}},
    publisher = {{Springer}},
    edition  = {{2}},
    year      = {{2006}}},
}
