@book{adams1995hitchhiker,
  title={The Hitchhiker's Guide to the Galaxy},
  author={Adams, D.},
  isbn={9781417642595},
  url={http://books.google.com/books?id=W-xMPgAACAAJ},
  year={1995},
  publisher={San Val}
}


@misc{Williams,
    author = {{Jason L. Williams and Peter S. Maybeck}},
    title = {{Cost-Function-Based Gaussian Mixture Reduction for Target Tracking}},
    year = {{2003}}
}

@article{Runalls,
    author  = {{Andrew R. Runalls}},
    title   = {{A Kullback-Leibler Approach to Gaussian Mixture Reduction}},
    year    = {{2007}},
    journal = {{EEE Trans. Aerosp. Electron. Syst.}},
    volume  = {{43}},
    number  = {{3}},
    pages   = {{989--999}}
}

@article{Stutzki,
    author    = {{J. Stutzki and R. Güsten}},
    title     = {{High spatial resolution isotopic CO and CS observations on M17 SW: The clumpy structure of the molecular cloud core}},
    journal   = {{The Astrophysical Journal}},
    volume   = {{356}},
    pages    = {{513-533}},
    year = {{1990}},
}

@article{WilliamsCF,
    author    = {{Jonathan P. Williams, Eugene J. de Geus and Leo Blitz}},
    title     = {{Determining structure in molecular clouds}},
    journal   = {{The Astrophysical Journal}},
    volume   = {{498}},
    pages    = {{693-712}},
    year = {{1994}},
}

@article{Rosolowsky,
    author    = {{E.W Rosolowsky, J.E Pineda, J. Kauffmann and A. A. Goodman}},
    title     = {{Structural Analysis of Molecular Clouds: Dendrograms}},
    journal   = {{The Astrophysical Journal}},
    volume   = {{679}},
    pages    = {{1338-1351}},
    year = {{2008}},
}

@article{Berry,
    author    = {{D.S Berry}},
    title     = {{FellWalker—A clump identification algorithm}},
    journal   = {{Astronomy and Computing}},
    volume   = {{10}},
    pages    = {{22-31}},
    year = {{2015}},
}